<?xml version="1.0"?>
<marc:collection xmlns:marc="http://www.loc.gov/MARC21/slim" xmlns:xsi="http://www.w3.org/2001/XMLSchema-instance" xsi:schemaLocation="http://www.loc.gov/MARC21/slim http://www.loc.gov/standards/marcxml/schema/MARC21slim.xsd">
   <marc:record type="Bibliographic">
      <marc:leader>01619cam a2200373   4500</marc:leader>
      <marc:controlfield tag="001">1481802</marc:controlfield>
      <marc:controlfield tag="003">NjP</marc:controlfield>
      <marc:controlfield tag="005">20140428165633.0</marc:controlfield>
      <marc:controlfield tag="008">890428s1970    iq h     b    000 0barar </marc:controlfield>
      <marc:datafield tag="024" ind1="7" ind2=" ">
         <marc:subfield code="a">princeton_aco000039</marc:subfield>
         <marc:subfield code="2">local</marc:subfield>
      </marc:datafield>
      <marc:datafield tag="010" ind1=" " ind2=" ">
         <marc:subfield code="a">   79297466 </marc:subfield>
      </marc:datafield>
      <marc:datafield tag="035" ind1=" " ind2=" ">
         <marc:subfield code="a">(OCoLC)ocn176972190</marc:subfield>
      </marc:datafield>
      <marc:datafield tag="035" ind1=" " ind2=" ">
         <marc:subfield code="a">(OCoLC)ocm19620289</marc:subfield>
      </marc:datafield>
      <marc:datafield tag="040" ind1=" " ind2=" ">
         <marc:subfield code="a">DLC</marc:subfield>
         <marc:subfield code="c">PUL</marc:subfield>
         <marc:subfield code="d">PUL</marc:subfield>
      </marc:datafield>
      <marc:datafield tag="035" ind1=" " ind2=" ">
         <marc:subfield code="a">(OCoLC)176972190</marc:subfield>
      </marc:datafield>
      <marc:datafield tag="035" ind1=" " ind2=" ">
         <marc:subfield code="9">CEN7191TS</marc:subfield>
      </marc:datafield>
      <marc:datafield tag="035" ind1=" " ind2=" ">
         <marc:subfield code="a">(NjP)1481802</marc:subfield>
      </marc:datafield>
      <marc:datafield tag="050" ind1="0" ind2=" ">
         <marc:subfield code="a">PJ6063</marc:subfield>
         <marc:subfield code="b">.I2 1970</marc:subfield>
      </marc:datafield>
      <marc:datafield tag="079" ind1=" " ind2=" ">
         <marc:subfield code="a">ocm19620289</marc:subfield>
      </marc:datafield>
      <marc:datafield tag="049" ind1=" " ind2=" ">
         <marc:subfield code="a">PULL</marc:subfield>
      </marc:datafield>
      <marc:datafield tag="100" ind1="1" ind2=" ">
         <marc:subfield code="6">880-01</marc:subfield>
         <marc:subfield code="a">Ibn al-Anba&#x304;ri&#x304;, &#x2BB;Abd al-Rah&#x323;ma&#x304;n ibn Muh&#x323;ammad,</marc:subfield>
         <marc:subfield code="d">1119-1181.</marc:subfield>
      </marc:datafield>
      <marc:datafield tag="245" ind1="1" ind2="0">
         <marc:subfield code="6">880-02</marc:subfield>
         <marc:subfield code="a">Nuzhat al-alibba&#x304;&#x2BC; fi&#x304; t&#x323;abaqa&#x304;t al-udaba&#x304;&#x2BC; /</marc:subfield>
         <marc:subfield code="c">li-Abi&#x304; al-Baraka&#x304;t Kama&#x304;l al-Di&#x304;n &#x2BB;Abd al-Rah&#x323;ma&#x304;n ibn Muh&#x323;ammad al-Anba&#x304;ri&#x304; ; qa&#x304;ma bi-tah&#x323;qi&#x304;qihi Ibra&#x304;hi&#x304;m al-Sa&#x304;marra&#x304;&#x2BC;i&#x304;.</marc:subfield>
      </marc:datafield>
      <marc:datafield tag="260" ind1=" " ind2=" ">
         <marc:subfield code="6">880-03</marc:subfield>
         <marc:subfield code="a">Baghda&#x304;d, Maktabat al-Andalus</marc:subfield>
         <marc:subfield code="c">[1970]</marc:subfield>
      </marc:datafield>
      <marc:datafield tag="300" ind1=" " ind2=" ">
         <marc:subfield code="a">371 p.</marc:subfield>
         <marc:subfield code="b">facsims.</marc:subfield>
         <marc:subfield code="c">24 cm.</marc:subfield>
      </marc:datafield>
      <marc:datafield tag="504" ind1=" " ind2=" ">
         <marc:subfield code="a">Bibliography: p. 368-371.</marc:subfield>
      </marc:datafield>
      <marc:datafield tag="650" ind1=" " ind2="0">
         <marc:subfield code="a">Scholars, Muslim</marc:subfield>
         <marc:subfield code="v">Biography.</marc:subfield>
      </marc:datafield>
      <marc:datafield tag="650" ind1=" " ind2="0">
         <marc:subfield code="a">Authors, Arab</marc:subfield>
         <marc:subfield code="v">Biography.</marc:subfield>
      </marc:datafield>
      <marc:datafield tag="700" ind1="1" ind2=" ">
         <marc:subfield code="6">880-04</marc:subfield>
         <marc:subfield code="a">Sa&#x304;marra&#x304;&#x2BC;i&#x304;, Ibra&#x304;hi&#x304;m,</marc:subfield>
         <marc:subfield code="e">editor.</marc:subfield>
      </marc:datafield>
      <marc:datafield tag="880" ind1="1" ind2=" ">
         <marc:subfield code="6">100-01/r</marc:subfield>
         <marc:subfield code="a">&#x627;&#x628;&#x646; &#x627;&#x644;&#x627;&#x646;&#x628;&#x627;&#x631;&#x64A;&#x60C; &#x639;&#x628;&#x62F; &#x627;&#x644;&#x631;&#x62D;&#x645;&#x646; &#x628;&#x646; &#x645;&#x62D;&#x645;&#x62F;&#x60C;</marc:subfield>
         <marc:subfield code="d">1119-1181.</marc:subfield>
      </marc:datafield>
      <marc:datafield tag="880" ind1="1" ind2="0">
         <marc:subfield code="6">245-02/r</marc:subfield>
         <marc:subfield code="a">&#x646;&#x632;&#x647;&#x629; &#x627;&#x644;&#x627;&#x644;&#x628;&#x627;&#x621; &#x641;&#x64A; &#x637;&#x628;&#x642;&#x627;&#x62A; &#x627;&#x644;&#x627;&#x62F;&#x628;&#x627;&#x621; /</marc:subfield>
         <marc:subfield code="c">&#x644;&#x627;&#x628;&#x64A; &#x627;&#x644;&#x628;&#x631;&#x643;&#x627;&#x62A; &#x643;&#x645;&#x627;&#x644; &#x627;&#x644;&#x62F;&#x64A;&#x646; &#x639;&#x628;&#x62F; &#x627;&#x644;&#x631;&#x62D;&#x645;&#x646; &#x628;&#x646; &#x645;&#x62D;&#x645;&#x62F; &#x627;&#x644;&#x627;&#x646;&#x628;&#x627;&#x631;&#x64A; &#x61B; &#x642;&#x627;&#x645; &#x628;&#x62A;&#x62D;&#x642;&#x64A;&#x642;&#x647; &#x627;&#x628;&#x631;&#x627;&#x647;&#x64A;&#x645; &#x627;&#x644;&#x633;&#x627;&#x645;&#x631;&#x627;&#x626;&#x64A;.</marc:subfield>
      </marc:datafield>
      <marc:datafield tag="880" ind1=" " ind2=" ">
         <marc:subfield code="6">260-03/r</marc:subfield>
         <marc:subfield code="a">&#x628;&#x63A;&#x62F;&#x627;&#x62F;&#x60C; &#x645;&#x643;&#x62A;&#x628;&#x629; &#x627;&#x644;&#x627;&#x646;&#x62F;&#x644;&#x633;</marc:subfield>
         <marc:subfield code="c">[1970]</marc:subfield>
      </marc:datafield>
      <marc:datafield tag="880" ind1="1" ind2=" ">
         <marc:subfield code="6">700-04/r</marc:subfield>
         <marc:subfield code="a">&#x633;&#x627;&#x645;&#x631;&#x627;&#x626;&#x64A;&#x60C; &#x627;&#x628;&#x631;&#x627;&#x647;&#x64A;&#x645;&#x60C;</marc:subfield>
         <marc:subfield code="e">editor.</marc:subfield>
      </marc:datafield>
      <marc:datafield tag="947" ind1=" " ind2=" ">
         <marc:subfield code="a">CEN7191</marc:subfield>
      </marc:datafield>
      <marc:datafield tag="911" ind1=" " ind2=" ">
         <marc:subfield code="a">20000130</marc:subfield>
      </marc:datafield>
      <marc:datafield tag="994" ind1=" " ind2=" ">
         <marc:subfield code="a">C0</marc:subfield>
         <marc:subfield code="b">PUL</marc:subfield>
      </marc:datafield>
      <marc:datafield tag="999" ind1=" " ind2=" ">
         <marc:subfield code="a">1481802</marc:subfield>
      </marc:datafield>
   </marc:record>
</marc:collection>
